<?xml version="1.0" encoding="UTF-8"?>
<record xmlns="http://www.loc.gov/MARC21/slim" xmlns:xsi="http://www.w3.org/2001/XMLSchema-instance" xsi:schemaLocation="http://www.loc.gov/MARC21/slim http://www.loc.gov/standards/marcxml/schema/MARC21slim.xsd">
<leader>     cam a22003611  4500</leader>
<controlfield tag="001">001684684</controlfield>
<controlfield tag="003">NNU</controlfield>
<controlfield tag="005">20061010173239.0</controlfield>
<controlfield tag="008">970414m19559999ua bh    b    000 0 ara</controlfield>
<datafield tag="010" ind1=" " ind2=" ">
<subfield code="a">ne 65002045</subfield>
</datafield>
<datafield tag="035" ind1="9" ind2=" ">
<subfield code="a">NYUb12228120</subfield>
</datafield>
<datafield tag="035" ind1=" " ind2=" ">
<subfield code="a">(NNU)NYUb12228120</subfield>
</datafield>
<datafield tag="040" ind1=" " ind2=" ">
<subfield code="a">DLC</subfield>
<subfield code="c">LRU</subfield>
<subfield code="d">LRU</subfield>
<subfield code="d">ZCU</subfield>
<subfield code="d">CtY</subfield>
</datafield>
<datafield tag="043" ind1=" " ind2=" ">
<subfield code="a">ap-----</subfield>
</datafield>
<datafield tag="050" ind1=" " ind2=" ">
<subfield code="a">DS247.M88</subfield>
<subfield code="b">S29</subfield>
</datafield>
<datafield tag="066" ind1=" " ind2=" ">
<subfield code="c">(3</subfield>
</datafield>
<datafield tag="090" ind1=" " ind2=" ">
<subfield code="a">DS247.M88</subfield>
<subfield code="b">S29</subfield>
</datafield>
<datafield tag="110" ind1="1" ind2=" ">
<subfield code="6">880-01</subfield>
<subfield code="a">Saudi Arabia.</subfield>
</datafield>
<datafield tag="245" ind1="1" ind2="3">
<subfield code="6">880-02</subfield>
<subfield code="a">al-Taḥkīm li-taswiyat al-nizāʻ al-iqlīmī bayna Masqaṭ wa-Abū Ẓabī wa-bayna al-Mamlakah al-ʻArabīyah al-Saʻūdīyah :</subfield>
<subfield code="b">ʻarḍ Ḥukūmat al-Mamlakah al-ʻArabīyah al-Saʻūdīyah.</subfield>
</datafield>
<datafield tag="246" ind1="3" ind2="0">
<subfield code="6">880-03</subfield>
<subfield code="a">ʻArḍ Ḥukūmat al-Mamlakah al-ʻArabīyah al-Saʻūdīyah</subfield>
</datafield>
<datafield tag="260" ind1=" " ind2=" ">
<subfield code="6">880-04</subfield>
<subfield code="a">[al-Qāhirah,</subfield>
<subfield code="b">Dār al-Maʻārif]</subfield>
<subfield code="c">1955-</subfield>
</datafield>
<datafield tag="300" ind1=" " ind2=" ">
<subfield code="a">v.</subfield>
<subfield code="b">facsims., maps.</subfield>
<subfield code="c">27 cm.</subfield>
</datafield>
<datafield tag="500" ind1=" " ind2=" ">
<subfield code="a">Vol. 2 includes 3 maps in pocket.</subfield>
</datafield>
<datafield tag="504" ind1=" " ind2=" ">
<subfield code="a">Includes bibliographical references.</subfield>
</datafield>
<datafield tag="505" ind1="1" ind2=" ">
<subfield code="a">Mujallad 1. al-Asās -- mujallad 2. al-Malāḥiq, al-tadhyīlāt, al-kharāʼiṭ -- mujallad 3. Dafātir al-zakāh.</subfield>
</datafield>
<datafield tag="651" ind1=" " ind2="0">
<subfield code="a">Saudi Arabia</subfield>
<subfield code="x">Boundaries</subfield>
<subfield code="z">Oman.</subfield>
</datafield>
<datafield tag="651" ind1=" " ind2="0">
<subfield code="a">Oman</subfield>
<subfield code="x">Boundaries</subfield>
<subfield code="z">Saudi Arabia.</subfield>
</datafield>
<datafield tag="651" ind1=" " ind2="0">
<subfield code="a">Abū Ẓaby (United Arab Emirates : Emirate)</subfield>
<subfield code="x">Boundaries</subfield>
<subfield code="z">Saudi Arabia.</subfield>
</datafield>
<datafield tag="651" ind1=" " ind2="0">
<subfield code="a">Saudi Arabia</subfield>
<subfield code="x">Boundaries</subfield>
<subfield code="z">United Arab Emirates</subfield>
<subfield code="z">Abū Ẓaby (Emirate).</subfield>
</datafield>
<datafield tag="880" ind1="1" ind2=" ">
<subfield code="6">110-01/</subfield>
<subfield code="a">سعودية.</subfield>
</datafield>
<datafield tag="880" ind1="1" ind2="2">
<subfield code="6">245-02/</subfield>
<subfield code="a">التحكيم لتسوية النزاع الاقليمي بين مسقط وابو ظبي وبين المملكة العربية السعودية :</subfield>
<subfield code="b">عرض حكومة المملكة العربية السعودية.</subfield>
</datafield>
<datafield tag="880" ind1="3" ind2="0">
<subfield code="6">246-03/</subfield>
<subfield code="a">عرض حكومة المملكة العربية السعودية</subfield>
</datafield>
<datafield tag="880" ind1=" " ind2=" ">
<subfield code="6">260-04/</subfield>
<subfield code="a">[القاهرة :</subfield>
<subfield code="b">دار المعارف]،</subfield>
<subfield code="c">1955- .</subfield>
</datafield>
<datafield tag="OWN" ind1=" " ind2=" ">
<subfield code="a">GENERAL</subfield>
</datafield>
<datafield tag="998" ind1=" " ind2=" ">
<subfield code="a">20010429</subfield>
<subfield code="d">20010429</subfield>
<subfield code="d">20010429</subfield>
<subfield code="n">NNU</subfield>
<subfield code="s">6</subfield>
<subfield code="t">c</subfield>
<subfield code="z">e</subfield>
</datafield>
<datafield tag="AVA" ind1=" " ind2=" ">
<subfield code="a">NYU50</subfield>
<subfield code="b">BOBST</subfield>
<subfield code="c">Main Collection</subfield>
<subfield code="d">DS247.M88 S29</subfield>
<subfield code="e">unavailable</subfield>
<subfield code="t">Unavailable</subfield>
<subfield code="f">2</subfield>
<subfield code="g">2</subfield>
<subfield code="h">Y</subfield>
<subfield code="i">0</subfield>
<subfield code="j">MAIN</subfield>
<subfield code="k">0</subfield>
</datafield>
</record>
